%%
%% $Id$
%%
%% Copyright (c) 2007-2008 Christian Fehler
%% Copyright (c) 2007-2008 Benjamin Mies
%%


@unpublished{Sieber,
  author = {Dr. Kurt Sieber},
  title = {Grundlagen der theoretischen Informatik},
  year = {2006},
  publisher = {Universit√§t Siegen},
  note = {Vorlesungsskript}
}


@book{Compilers,
  author = {Alfred V. Aho and Monica S. Lam and Ravi Sethi and Jeffrey D. Ullman},
  title = {Compilers},
  year = {2007},
  isbn = {0-321-48681-1},
  publisher = {Greg Tobin},
  address = {Boston}
}

@book{Layout,
  author = {Jens Lienig},
  title = {Layoutsynthese elektronischer Schaltungen},
  year = {2006},
  isbn = {3-540-29627-1},
  publisher = {Springer Verlag},
  address = {Heidelberg}
}

@book{Regular,
  author = {Jeffrey E. F. Friedl},
  title = {Mastering Regular Expression},
  year = {2002},
  isbn = {0-596-00289-0},
  publisher = {O'Reilly & Associates, Inc.},
  address = {Sebastopol}
}
